@inproceedings{morris2010instance,
  title={Instance chains: type class programming without overlapping instances},
  author={Morris, J Garrett and Jones, Mark P},
  booktitle={Proceedings of the 15th ACM SIGPLAN international conference on Functional programming},
  pages={375--386},
  year={2010}
}

@article{downen2018tutorial,
  title={A tutorial on computational classical logic and the sequent calculus},
  author={Downen, Paul and Ariola, Zena M},
  journal={Journal of Functional Programming},
  volume={28},
  year={2018},
  publisher={Cambridge University Press}
}

@InProceedings{duality,
  author =	{Downen, Paul and Ariola, Zena M.},
  title =	{{Duality in Action}},
  booktitle =	{6th International Conference on Formal Structures for Computation and Deduction (FSCD 2021)},
  pages =	{1:1--1:32},
  series =	{Leibniz International Proceedings in Informatics (LIPIcs)},
  ISBN =	{978-3-95977-191-7},
  ISSN =	{1868-8969},
  year =	{2021},
  volume =	{195},
  editor =	{Kobayashi, Naoki},
  publisher =	{Schloss Dagstuhl -- Leibniz-Zentrum f{\"u}r Informatik},
  address =	{Dagstuhl, Germany},
  URL =		{https://drops.dagstuhl.de/opus/volltexte/2021/14239},
  URN =		{urn:nbn:de:0030-drops-142390},
  doi =		{10.4230/LIPIcs.FSCD.2021.1},
  annote =	{Keywords: Duality, Logic, Curry-Howard, Sequent Calculus, Rewriting, Compilation}
}

@article{curien2000duality,
  title={The duality of computation},
  author={Curien, Pierre-Louis and Herbelin, Hugo},
  journal={ACM sigplan notices},
  volume={35},
  number={9},
  pages={233--243},
  year={2000},
  publisher={ACM New York, NY, USA}
}

@article{smithinference,
author = {Smith, Geoffrey},
year = {1991},
month = {01},
pages = {},
title = {Polymorphic type inference for languages with overloading and subtyping /}
}

@article{downen2017phd,
  title={Sequent Calculus: A Logic and a Language for Computation and Duality},
  author={Downen, Paul},
  year={2017},
  publisher={University of Oregon}
}

@article{wadlerblott,
author = {Wadler, Philip and Blott, Stephen},
year = {1997},
month = {08},
pages = {},
title = {How to Make Ad-Hoc Polymorphism Less Ad Hoc},
journal = {[No source information available]},
doi = {10.1145/75277.75283}
}