@inproceedings{morris2010instance,
  title={Instance chains: type class programming without overlapping instances},
  author={Morris, J Garrett and Jones, Mark P},
  booktitle={Proceedings of the 15th ACM SIGPLAN international conference on Functional programming},
  pages={375--386},
  year={2010}
}

@article{downen2018tutorial,
  title={A tutorial on computational classical logic and the sequent calculus},
  author={Downen, Paul and Ariola, Zena M},
  journal={Journal of Functional Programming},
  volume={28},
  year={2018},
  publisher={Cambridge University Press}
}

@InProceedings{downen_et_al:LIPIcs.FSCD.2021.1,
  author =	{Downen, Paul and Ariola, Zena M.},
  title =	{{Duality in Action}},
  booktitle =	{6th International Conference on Formal Structures for Computation and Deduction (FSCD 2021)},
  pages =	{1:1--1:32},
  series =	{Leibniz International Proceedings in Informatics (LIPIcs)},
  ISBN =	{978-3-95977-191-7},
  ISSN =	{1868-8969},
  year =	{2021},
  volume =	{195},
  editor =	{Kobayashi, Naoki},
  publisher =	{Schloss Dagstuhl -- Leibniz-Zentrum f{\"u}r Informatik},
  address =	{Dagstuhl, Germany},
  URL =		{https://drops.dagstuhl.de/opus/volltexte/2021/14239},
  URN =		{urn:nbn:de:0030-drops-142390},
  doi =		{10.4230/LIPIcs.FSCD.2021.1},
  annote =	{Keywords: Duality, Logic, Curry-Howard, Sequent Calculus, Rewriting, Compilation}
}

@article{curien2000duality,
  title={The duality of computation},
  author={Curien, Pierre-Louis and Herbelin, Hugo},
  journal={ACM sigplan notices},
  volume={35},
  number={9},
  pages={233--243},
  year={2000},
  publisher={ACM New York, NY, USA}
}

@article{article,
author = {Smith, Geoffrey},
year = {1991},
month = {01},
pages = {},
title = {Polymorphic type inference for languages with overloading and subtyping /}
}


# example data junk:

@Book{SaaSchTue97,
  author       = "G. Saake and I. Schmitt and C. T{\"u}rker",
  title        = "{Objektdatenbanken --- Konzepte, Sprachen,
                   Architekturen}",
  publisher    = "International Thomson Publishing",
  address      = "Bonn",
  year         = "1997",
  isbn         = "3-8266-0258-7",
}

@TechReport{SchTueSaa98preprint,
  author       = "K. Schwarz and C. T{\"u}rker and G. Saake",
  title        = "{Specifying Advanced Transaction Models as Transaction
                   Closures with Special Transaction Dependency Combinations}",
  institution  = "{Fakult{\"a}t f{\"u}r Informatik, Universit{\"a}t
                   Magdeburg}",
  type         = "Preprint",
  number       = "5",
  month        = feb,
  year         = "1998",
}

@InProceedings{TueConSaa96ismis,
  author       = "C. T{\"u}rker and S. Conrad and G. Saake",
  title        = "{Dynamically Changing Behavior: An Agent-Oriented View
                   to Modeling Intelligent Information Systems}",
  booktitle    = "{Foundations of Intelligent Systems, Proc. of the 9th
                   Int. Symposium on Methodologies for Intelligent
                   Systems, ISMIS'96, Zakopane, Poland}",
  editor       = "Z. W. Ra{\'s} and M. Michalewicz",
  series       = "Lecture Notes in Artificial Intelligence",
  volume       = "1079",
  publisher    = "Springer-Verlag",
  address      = "Berlin",
  pages        = "572--581",
  month        = jun,
  year         = "1996",
  isbn         = "3-540-61286-6",
}

